<record><leader>00000cas a22000007a 4500</leader><controlfield tag="001">20696922</controlfield><controlfield tag="008">891127d18811883ndudn ne      0    0eng d</controlfield><datafield ind1=" " ind2=" " tag="010"><subfield code="a">sn 89074401 </subfield></datafield><datafield ind1=" " ind2=" " tag="040"><subfield code="a">NOP</subfield><subfield code="b">eng</subfield><subfield code="c">NOP</subfield><subfield code="d">OCLCQ</subfield><subfield code="d">CUS</subfield></datafield><datafield ind1=" " ind2=" " tag="042"><subfield code="a">msc</subfield></datafield><datafield ind1=" " ind2=" " tag="043"><subfield code="a">n-us-nd</subfield></datafield><datafield ind1=" " ind2="4" tag="050"><subfield code="a">AN</subfield></datafield><datafield ind1="0" ind2=" " tag="130"><subfield code="a">Daily herald (Grand Forks, N.D. : 1881)</subfield></datafield><datafield ind1="1" ind2="4" tag="245"><subfield code="a">The Daily herald.</subfield></datafield><datafield ind1=" " ind2=" " tag="260"><subfield code="a">Grand Forks, Dakota [N.D.] :</subfield><subfield code="b">Geo. B. Winship</subfield></datafield><datafield ind1=" " ind2=" " tag="300"><subfield code="a">4 v. :</subfield><subfield code="b">ill.</subfield></datafield><datafield ind1=" " ind2=" " tag="310"><subfield code="a">Daily (except Mon.),</subfield><subfield code="b">Nov. 22, 1881-Sept. 22, 1883</subfield></datafield><datafield ind1=" " ind2=" " tag="321"><subfield code="a">Daily (except Sun.),</subfield><subfield code="b">Nov. 1-19, 1881</subfield></datafield><datafield ind1="0" ind2=" " tag="362"><subfield code="a">Vol. 1, no. 1 (Nov. 1, 1881)-v. 4, no. 119 (Sept 22, 1883).</subfield></datafield><datafield ind1=" " ind2=" " tag="500"><subfield code="a">Official paper of the City and County, 1883.</subfield></datafield><datafield ind1=" " ind2=" " tag="752"><subfield code="a">United States</subfield><subfield code="b">North Dakota</subfield><subfield code="c">Grand Forks</subfield><subfield code="d">Grand Forks.</subfield></datafield><datafield ind1="0" ind2=" " tag="775"><subfield code="t">Grand Forks weekly herald</subfield><subfield code="w">(DLC)sn 89074423</subfield></datafield><datafield ind1="0" ind2="0" tag="785"><subfield code="t">Grand Forks daily herald (Grand Forks, N.D. : 1883)</subfield><subfield code="w">(DLC)sn 89074402</subfield></datafield><datafield ind1="4" ind2="1" tag="856"><subfield code="3">1881-11-01 to 1883-09-22</subfield><subfield code="u">http://infoweb.newsbank.com/?db=EANX&amp;s_browseRef=decades/1126151DAB85F7C0/all.xml</subfield></datafield></record>